<record><leader>00000cas a22000007a 4500</leader><controlfield tag="001">13454296</controlfield><controlfield tag="008">860418d189u1896inudr ne      0    0eng d</controlfield><datafield ind1=" " ind2=" " tag="010"><subfield code="a">sn 86058482 </subfield></datafield><datafield ind1=" " ind2=" " tag="040"><subfield code="a">NPI</subfield><subfield code="b">eng</subfield><subfield code="c">NPI</subfield><subfield code="d">OCL</subfield><subfield code="d">OCLCQ</subfield></datafield><datafield ind1=" " ind2=" " tag="042"><subfield code="a">msc</subfield></datafield><datafield ind1="0" ind2=" " tag="130"><subfield code="a">Daily Republican (Hartford City, Ind.)</subfield></datafield><datafield ind1="1" ind2="4" tag="245"><subfield code="a">The daily Republican.</subfield></datafield><datafield ind1=" " ind2=" " tag="260"><subfield code="a">Hartford City, Ind. :</subfield><subfield code="b">[Frank and Henry Geisler]</subfield></datafield><datafield ind1=" " ind2=" " tag="500"><subfield code="a">Published also in a weekly edition.</subfield></datafield><datafield ind1=" " ind2=" " tag="500"><subfield code="a">Publishers' names from Miller.</subfield></datafield><datafield ind1=" " ind2=" " tag="588"><subfield code="a">Description based on: 1st year, no. 87 (July 25, 1895).</subfield></datafield><datafield ind1=" " ind2=" " tag="752"><subfield code="a">United States</subfield><subfield code="b">Indiana</subfield><subfield code="c">Blackford</subfield><subfield code="d">Hartford City.</subfield></datafield><datafield ind1="0" ind2="0" tag="780"><subfield code="t">Hartford City arena (Hartford City, Ind.)</subfield><subfield code="w">(DLC)sn 87055715</subfield></datafield><datafield ind1="0" ind2="4" tag="785"><subfield code="t">Hartford City times</subfield><subfield code="w">(DLC)sn 87055716</subfield></datafield></record>